
<record>
  <controlfield tag="001">17153</controlfield>
  <controlfield tag="005">20161003221603.0</controlfield>
  <datafield tag="022" ind1=" " ind2=" ">
    <subfield code="a">0550-3213</subfield>
  </datafield>
  <datafield tag="024" ind1="7" ind2=" ">
    <subfield code="a">10.1016/j.nuclphysb.2016.09.003</subfield>
    <subfield code="2">DOI</subfield>
    <subfield code="t">2016-09-16T01:06:23Z</subfield>
  </datafield>
  <datafield tag="100" ind1=" " ind2=" ">
    <subfield code="a">Blondeau-Fournier, O.</subfield>
    <subfield code="v">Department of Mathematics, King's College London, Strand, WC2R 2LS, United Kingdom</subfield>
    <subfield code="m">olivier.blondeau-fournier@kcl.ac.uk</subfield>
    <subfield code="w">UK</subfield>
  </datafield>
  <datafield tag="245" ind1=" " ind2=" ">
    <subfield code="a">The super-Virasoro singular vectors and Jack superpolynomials relationship revisited</subfield>
  </datafield>
  <datafield tag="260" ind1=" " ind2=" ">
    <subfield code="c">2016-10-03</subfield>
    <subfield code="b">Elsevier</subfield>
  </datafield>
  <datafield tag="520" ind1=" " ind2=" ">
    <subfield code="a">A recent novel derivation of the representation of Virasoro singular vectors in terms of Jack polynomials is extended to the supersymmetric case. The resulting expression of a generic super-Virasoro singular vector is given in terms of a simple differential operator (whose form is characteristic of the sector, Neveu–Schwarz or Ramond) acting on a Jack superpolynomial. The latter is indexed by a superpartition depending upon the two integers r,s that specify the reducible module under consideration. The corresponding singular vector (at grade rs/2 ), when expanded as a linear combination of Jack superpolynomials, results in an expression that (in addition to being proved) turns out to be more compact than those that have been previously conjectured. As an aside, in relation with the differential operator alluded to above, a remarkable property of the Jack superpolynomials at α=−3 is pointed out.</subfield>
    <subfield code="9">Elsevier</subfield>
  </datafield>
  <datafield tag="540" ind1=" " ind2=" ">
    <subfield code="a">CC-BY-3.0</subfield>
    <subfield code="u">http://creativecommons.org/licenses/by/3.0/</subfield>
  </datafield>
  <datafield tag="542" ind1=" " ind2=" ">
    <subfield code="f">The Authors</subfield>
  </datafield>
  <datafield tag="700" ind1=" " ind2=" ">
    <subfield code="a">Mathieu, P.</subfield>
    <subfield code="v">Département de Physique, de Génie Physique et d'Optique, Université Laval, Québec, G1V 0A6, Canada</subfield>
    <subfield code="m">pmathieu@phy.ulaval.ca</subfield>
    <subfield code="w">Canada</subfield>
  </datafield>
  <datafield tag="700" ind1=" " ind2=" ">
    <subfield code="a">Ridout, D.</subfield>
    <subfield code="v">School of Mathematics and Statistics, University of Melbourne, Parkville, 3010, Australia</subfield>
    <subfield code="m">david.ridout@unimelb.edu.au</subfield>
    <subfield code="w">Australia</subfield>
  </datafield>
  <datafield tag="700" ind1=" " ind2=" ">
    <subfield code="a">Wood, S.</subfield>
    <subfield code="v">Mathematical Sciences Institute, Australian National University, Canberra, 2601, Australia</subfield>
    <subfield code="m">woodsi@cardiff.ac.uk</subfield>
    <subfield code="w">Australia</subfield>
  </datafield>
  <datafield tag="773" ind1=" " ind2=" ">
    <subfield code="p">Nuclear Physics B</subfield>
    <subfield code="y">2016</subfield>
  </datafield>
  <datafield tag="856" ind1="4" ind2=" ">
    <subfield code="s">444925</subfield>
    <subfield code="u">http://repo.scoap3.org/record/17153/files/main.pdf</subfield>
  </datafield>
  <datafield tag="856" ind1="4" ind2=" ">
    <subfield code="s">617026</subfield>
    <subfield code="u">http://repo.scoap3.org/record/17153/files/main.xml</subfield>
  </datafield>
</record>