
<record>
  <controlfield tag="001">16936</controlfield>
  <controlfield tag="005">20160919212151.0</controlfield>
  <datafield tag="022" ind1=" " ind2=" ">
    <subfield code="a">0550-3213</subfield>
  </datafield>
  <datafield tag="024" ind1="7" ind2=" ">
    <subfield code="a">10.1016/j.nuclphysb.2016.08.031</subfield>
    <subfield code="2">DOI</subfield>
    <subfield code="t">2016-09-02T10:28:06Z</subfield>
  </datafield>
  <datafield tag="100" ind1=" " ind2=" ">
    <subfield code="a">Bazhanov, Vladimir V.</subfield>
    <subfield code="v">Department of Theoretical Physics, Research School of Physics and Engineering, Australian National University, Canberra, ACT, 2601, Australia</subfield>
    <subfield code="m">vladimir.bazhanov@anu.edu.au</subfield>
    <subfield code="w">Australia</subfield>
  </datafield>
  <datafield tag="245" ind1=" " ind2=" ">
    <subfield code="a">Vacuum energy of the Bukhvostov–Lipatov model</subfield>
  </datafield>
  <datafield tag="260" ind1=" " ind2=" ">
    <subfield code="c">2016-09-19</subfield>
    <subfield code="b">Elsevier</subfield>
  </datafield>
  <datafield tag="520" ind1=" " ind2=" ">
    <subfield code="a">Bukhvostov and Lipatov have shown that weakly interacting instantons and anti-instantons in the O(3) non-linear sigma model in two dimensions are described by an exactly soluble model containing two coupled Dirac fermions. We propose an exact formula for the vacuum energy of the model for twisted boundary conditions, expressing it through a special solution of the classical sinh-Gordon equation. The formula perfectly matches predictions of the standard renormalized perturbation theory at weak couplings as well as the conformal perturbation theory at short distances. Our results also agree with the Bethe ansatz solution of the model. A complete proof the proposed expression for the vacuum energy based on a combination of the Bethe ansatz techniques and the classical inverse scattering transform method is presented in the second part of this work [42] .</subfield>
    <subfield code="9">Elsevier</subfield>
  </datafield>
  <datafield tag="540" ind1=" " ind2=" ">
    <subfield code="a">CC-BY-3.0</subfield>
    <subfield code="u">http://creativecommons.org/licenses/by/3.0/</subfield>
  </datafield>
  <datafield tag="700" ind1=" " ind2=" ">
    <subfield code="a">Lukyanov, Sergei L.</subfield>
    <subfield code="v">NHETC, Department of Physics and Astronomy, Rutgers University, Piscataway, NJ, 08855-0849, USA</subfield>
    <subfield code="v">L.D. Landau Institute for Theoretical Physics, Chernogolovka, 142432, Russia</subfield>
    <subfield code="w">Russia</subfield>
    <subfield code="w">USA</subfield>
  </datafield>
  <datafield tag="700" ind1=" " ind2=" ">
    <subfield code="a">Runov, Boris A.</subfield>
    <subfield code="v">Department of Theoretical Physics, Research School of Physics and Engineering, Australian National University, Canberra, ACT, 2601, Australia</subfield>
    <subfield code="w">Australia</subfield>
  </datafield>
  <datafield tag="773" ind1=" " ind2=" ">
    <subfield code="p">Nuclear Physics B</subfield>
    <subfield code="y">2016</subfield>
  </datafield>
  <datafield tag="856" ind1="4" ind2=" ">
    <subfield code="s">525618</subfield>
    <subfield code="u">http://repo.scoap3.org/record/16936/files/main.xml</subfield>
  </datafield>
  <datafield tag="856" ind1="4" ind2=" ">
    <subfield code="s">537799</subfield>
    <subfield code="u">http://repo.scoap3.org/record/16936/files/main.pdf</subfield>
  </datafield>
</record>