
<record>
  <controlfield tag="001">15485</controlfield>
  <controlfield tag="005">20160915173314.0</controlfield>
  <datafield tag="022" ind1=" " ind2=" ">
    <subfield code="a">0550-3213</subfield>
  </datafield>
  <datafield tag="024" ind1="7" ind2=" ">
    <subfield code="a">10.1016/j.nuclphysb.2016.04.038</subfield>
    <subfield code="2">DOI</subfield>
    <subfield code="t">2016-05-05T01:39:30Z</subfield>
  </datafield>
  <datafield tag="100" ind1=" " ind2=" ">
    <subfield code="a">Jurčo, Branislav</subfield>
    <subfield code="v">Mathematical Institute, Faculty of Mathematics and Physics, Charles University, Prague, 186 75, Czech Republic</subfield>
    <subfield code="m">jurco@karlin.mff.cuni.cz</subfield>
    <subfield code="w">Czech Republic</subfield>
  </datafield>
  <datafield tag="245" ind1=" " ind2=" ">
    <subfield code="a">Heterotic reduction of Courant algebroid connections and Einstein–Hilbert actions</subfield>
  </datafield>
  <datafield tag="260" ind1=" " ind2=" ">
    <subfield code="c">2016-07-11</subfield>
    <subfield code="b">Elsevier</subfield>
  </datafield>
  <datafield tag="520" ind1=" " ind2=" ">
    <subfield code="a">We discuss Levi-Civita connections on Courant algebroids. We define an appropriate generalization of the curvature tensor and compute the corresponding scalar curvatures in the exact and heterotic case, leading to generalized (bosonic) Einstein–Hilbert type of actions known from supergravity. In particular, we carefully analyze the process of the reduction for the generalized metric, connection, curvature tensor and the scalar curvature.</subfield>
    <subfield code="9">Elsevier</subfield>
  </datafield>
  <datafield tag="540" ind1=" " ind2=" ">
    <subfield code="a">CC-BY-3.0</subfield>
    <subfield code="u">http://creativecommons.org/licenses/by/3.0/</subfield>
  </datafield>
  <datafield tag="542" ind1=" " ind2=" ">
    <subfield code="f">The Author(s)</subfield>
  </datafield>
  <datafield tag="700" ind1=" " ind2=" ">
    <subfield code="a">Vysoký, Jan</subfield>
    <subfield code="v">Institute of Mathematics of the Czech Academy of Sciences, Žitná 25, Prague, 115 67, Czech Republic</subfield>
    <subfield code="v">Mathematical Sciences Institute, Australian National University, Acton, ACT, 2601, Australia</subfield>
    <subfield code="m">vysoky@math.cas.cz</subfield>
    <subfield code="w">Australia</subfield>
    <subfield code="w">Czech Republic</subfield>
  </datafield>
  <datafield tag="773" ind1=" " ind2=" ">
    <subfield code="p">Nuclear Physics B</subfield>
    <subfield code="y">2016</subfield>
  </datafield>
  <datafield tag="856" ind1="4" ind2=" ">
    <subfield code="s">562441</subfield>
    <subfield code="u">http://repo.scoap3.org/record/15485/files/main.pdf</subfield>
  </datafield>
  <datafield tag="856" ind1="4" ind2=" ">
    <subfield code="s">831995</subfield>
    <subfield code="u">http://repo.scoap3.org/record/15485/files/main.xml</subfield>
  </datafield>
  <datafield tag="856" ind1="4" ind2=" ">
    <subfield code="s">858134</subfield>
    <subfield code="u">http://repo.scoap3.org/record/15485/files/main.pdf?subformat=pdfa</subfield>
    <subfield code="x">pdfa</subfield>
  </datafield>
</record>