
<record>
  <controlfield tag="001">16532</controlfield>
  <controlfield tag="005">20160916005732.0</controlfield>
  <datafield tag="022" ind1=" " ind2=" ">
    <subfield code="a">0370-2693</subfield>
  </datafield>
  <datafield tag="024" ind1="7" ind2=" ">
    <subfield code="a">10.1016/j.physletb.2016.07.057</subfield>
    <subfield code="2">DOI</subfield>
    <subfield code="t">2016-07-26T16:33:45Z</subfield>
  </datafield>
  <datafield tag="100" ind1=" " ind2=" ">
    <subfield code="a">Watanabe, H.</subfield>
    <subfield code="v">School of Physics and Nuclear Energy Engineering, Beihang University, Beijing, 100191, China</subfield>
    <subfield code="v">International Research Center for Nuclei and Particles in the Cosmos, Beihang University, Beijing, 100191, China</subfield>
    <subfield code="v">RIKEN Nishina Center, 2-1 Hirosawa, Saitama, Wako, 351-0198, Japan</subfield>
    <subfield code="m">hiroshi@ribf.riken.jp</subfield>
    <subfield code="w">Japan</subfield>
    <subfield code="w">China</subfield>
  </datafield>
  <datafield tag="245" ind1=" " ind2=" ">
    <subfield code="a">Long-lived K isomer and enhanced γ vibration in the neutron-rich nucleus 172 Dy: Collectivity beyond double midshell</subfield>
  </datafield>
  <datafield tag="260" ind1=" " ind2=" ">
    <subfield code="c">2016-08-31</subfield>
    <subfield code="b">Elsevier</subfield>
  </datafield>
  <datafield tag="520" ind1=" " ind2=" ">
    <subfield code="a">The level structure of 172 Dy has been investigated for the first time by means of decay spectroscopy following in-flight fission of a 238 U beam. A long-lived isomeric state with T1/2=0.71(5) s and Kπ=8− has been identified at 1278 keV, which decays to the ground-state and γ -vibrational bands through hindered electromagnetic transitions, as well as to the daughter nucleus 172 Ho via allowed β decays. The robust nature of the Kπ=8− isomer and the ground-state rotational band reveals an axially-symmetric structure for this nucleus. Meanwhile, the γ -vibrational levels have been identified at unusually low excitation energy compared to the neighboring well-deformed nuclei, indicating the significance of the microscopic effect on the non-axial collectivity in this doubly mid-shell region. The underlying mechanism of enhanced γ vibration is discussed in comparison with the deformed Quasiparticle Random-Phase Approximation based on a Skyrme energy-density functional.</subfield>
    <subfield code="9">Elsevier</subfield>
  </datafield>
  <datafield tag="540" ind1=" " ind2=" ">
    <subfield code="a">CC-BY-3.0</subfield>
    <subfield code="u">http://creativecommons.org/licenses/by/3.0/</subfield>
  </datafield>
  <datafield tag="542" ind1=" " ind2=" ">
    <subfield code="f">The Author(s)</subfield>
  </datafield>
  <datafield tag="653" ind1="1" ind2=" ">
    <subfield code="a">172 Dy</subfield>
    <subfield code="9">author</subfield>
  </datafield>
  <datafield tag="653" ind1="1" ind2=" ">
    <subfield code="a">K isomer</subfield>
    <subfield code="9">author</subfield>
  </datafield>
  <datafield tag="653" ind1="1" ind2=" ">
    <subfield code="a">Decay spectroscopy</subfield>
    <subfield code="9">author</subfield>
  </datafield>
  <datafield tag="653" ind1="1" ind2=" ">
    <subfield code="a">Axial symmetry</subfield>
    <subfield code="9">author</subfield>
  </datafield>
  <datafield tag="653" ind1="1" ind2=" ">
    <subfield code="a">γ vibration</subfield>
    <subfield code="9">author</subfield>
  </datafield>
  <datafield tag="700" ind1=" " ind2=" ">
    <subfield code="a">Zhang, G.X.</subfield>
    <subfield code="v">School of Physics and Nuclear Energy Engineering, Beihang University, Beijing, 100191, China</subfield>
    <subfield code="v">International Research Center for Nuclei and Particles in the Cosmos, Beihang University, Beijing, 100191, China</subfield>
    <subfield code="w">China</subfield>
  </datafield>
  <datafield tag="700" ind1=" " ind2=" ">
    <subfield code="a">Yoshida, K.</subfield>
    <subfield code="v">Graduate School of Science and Technology, Niigata University, Niigata, 950-2181, Japan</subfield>
    <subfield code="v">Center for Computational Sciences, University of Tsukuba, Tsukuba, 305-8577, Japan</subfield>
    <subfield code="w">Japan</subfield>
  </datafield>
  <datafield tag="700" ind1=" " ind2=" ">
    <subfield code="a">Walker, P.M.</subfield>
    <subfield code="v">Department of Physics, University of Surrey, Guildford, GU2 7XH, United Kingdom</subfield>
    <subfield code="w">UK</subfield>
  </datafield>
  <datafield tag="700" ind1=" " ind2=" ">
    <subfield code="a">Liu, J.J.</subfield>
    <subfield code="v">Department of Physics, the University of Hong Kong, Pokfulam Road, Hong Kong</subfield>
    <subfield code="w">Hong Kong</subfield>
  </datafield>
  <datafield tag="700" ind1=" " ind2=" ">
    <subfield code="a">Wu, J.</subfield>
    <subfield code="v">RIKEN Nishina Center, 2-1 Hirosawa, Saitama, Wako, 351-0198, Japan</subfield>
    <subfield code="v">Department of Physics, Peking University, Beijing, 100871, China</subfield>
    <subfield code="w">Japan</subfield>
    <subfield code="w">China</subfield>
  </datafield>
  <datafield tag="700" ind1=" " ind2=" ">
    <subfield code="a">Regan, P.H.</subfield>
    <subfield code="v">Department of Physics, University of Surrey, Guildford, GU2 7XH, United Kingdom</subfield>
    <subfield code="v">National Physical Laboratory, Teddington, Middlesex, TW11 0LW, United Kingdom</subfield>
    <subfield code="w">UK</subfield>
  </datafield>
  <datafield tag="700" ind1=" " ind2=" ">
    <subfield code="a">Söderström, P.-A.</subfield>
    <subfield code="v">RIKEN Nishina Center, 2-1 Hirosawa, Saitama, Wako, 351-0198, Japan</subfield>
    <subfield code="w">Japan</subfield>
  </datafield>
  <datafield tag="700" ind1=" " ind2=" ">
    <subfield code="a">Kanaoka, H.</subfield>
    <subfield code="v">Department of Physics, Osaka University, Machikaneyama-machi 1-1, Osaka, Toyonaka, 560-0043, Japan</subfield>
    <subfield code="w">Japan</subfield>
  </datafield>
  <datafield tag="700" ind1=" " ind2=" ">
    <subfield code="a">Korkulu, Z.</subfield>
    <subfield code="v">MTA Atomki, P.O. Box 51, Debrecen, H-4001, Hungary</subfield>
    <subfield code="w">Hungary</subfield>
  </datafield>
  <datafield tag="700" ind1=" " ind2=" ">
    <subfield code="a">Lee, P.S.</subfield>
    <subfield code="v">Department of Physics, Chung-Ang University, Seoul, 156-756, Republic of Korea</subfield>
    <subfield code="w">South Korea</subfield>
  </datafield>
  <datafield tag="700" ind1=" " ind2=" ">
    <subfield code="a">Nishimura, S.</subfield>
    <subfield code="v">RIKEN Nishina Center, 2-1 Hirosawa, Saitama, Wako, 351-0198, Japan</subfield>
    <subfield code="w">Japan</subfield>
  </datafield>
  <datafield tag="700" ind1=" " ind2=" ">
    <subfield code="a">Yagi, A.</subfield>
    <subfield code="v">Department of Physics, Osaka University, Machikaneyama-machi 1-1, Osaka, Toyonaka, 560-0043, Japan</subfield>
    <subfield code="w">Japan</subfield>
  </datafield>
  <datafield tag="700" ind1=" " ind2=" ">
    <subfield code="a">Ahn, D.S.</subfield>
    <subfield code="v">RIKEN Nishina Center, 2-1 Hirosawa, Saitama, Wako, 351-0198, Japan</subfield>
    <subfield code="w">Japan</subfield>
  </datafield>
  <datafield tag="700" ind1=" " ind2=" ">
    <subfield code="a">Alharbi, T.</subfield>
    <subfield code="v">Department of Physics, College of Science in Zulfi, Almajmaah University, P.O. Box 1712, 11932, Saudi Arabia</subfield>
    <subfield code="w">Saudi Arabia</subfield>
  </datafield>
  <datafield tag="700" ind1=" " ind2=" ">
    <subfield code="a">Baba, H.</subfield>
    <subfield code="v">RIKEN Nishina Center, 2-1 Hirosawa, Saitama, Wako, 351-0198, Japan</subfield>
    <subfield code="w">Japan</subfield>
  </datafield>
  <datafield tag="700" ind1=" " ind2=" ">
    <subfield code="a">Browne, F.</subfield>
    <subfield code="v">School of Computing Engineering and Mathematics, University of Brighton, Brighton, BN2 4GJ, United Kingdom</subfield>
    <subfield code="w">UK</subfield>
  </datafield>
  <datafield tag="700" ind1=" " ind2=" ">
    <subfield code="a">Bruce, A.M.</subfield>
    <subfield code="v">School of Computing Engineering and Mathematics, University of Brighton, Brighton, BN2 4GJ, United Kingdom</subfield>
    <subfield code="w">UK</subfield>
  </datafield>
  <datafield tag="700" ind1=" " ind2=" ">
    <subfield code="a">Carroll, R.J.</subfield>
    <subfield code="v">Department of Physics, University of Surrey, Guildford, GU2 7XH, United Kingdom</subfield>
    <subfield code="w">UK</subfield>
  </datafield>
  <datafield tag="700" ind1=" " ind2=" ">
    <subfield code="a">Chae, K.Y.</subfield>
    <subfield code="v">Department of Physics, Sungkyunkwan University, Suwon, 440-746, Republic of Korea</subfield>
    <subfield code="w">South Korea</subfield>
  </datafield>
  <datafield tag="700" ind1=" " ind2=" ">
    <subfield code="a">Dombradi, Zs.</subfield>
    <subfield code="v">MTA Atomki, P.O. Box 51, Debrecen, H-4001, Hungary</subfield>
    <subfield code="w">Hungary</subfield>
  </datafield>
  <datafield tag="700" ind1=" " ind2=" ">
    <subfield code="a">Doornenbal, P.</subfield>
    <subfield code="v">RIKEN Nishina Center, 2-1 Hirosawa, Saitama, Wako, 351-0198, Japan</subfield>
    <subfield code="w">Japan</subfield>
  </datafield>
  <datafield tag="700" ind1=" " ind2=" ">
    <subfield code="a">Estrade, A.</subfield>
    <subfield code="v">School of Physics and Astronomy, University of Edinburgh, Edinburgh, EH9 3JZ, United Kingdom</subfield>
    <subfield code="w">UK</subfield>
  </datafield>
  <datafield tag="700" ind1=" " ind2=" ">
    <subfield code="a">Fukuda, N.</subfield>
    <subfield code="v">RIKEN Nishina Center, 2-1 Hirosawa, Saitama, Wako, 351-0198, Japan</subfield>
    <subfield code="w">Japan</subfield>
  </datafield>
  <datafield tag="700" ind1=" " ind2=" ">
    <subfield code="a">Griffin, C.</subfield>
    <subfield code="v">School of Physics and Astronomy, University of Edinburgh, Edinburgh, EH9 3JZ, United Kingdom</subfield>
    <subfield code="w">UK</subfield>
  </datafield>
  <datafield tag="700" ind1=" " ind2=" ">
    <subfield code="a">Ideguchi, E.</subfield>
    <subfield code="v">Research Center for Nuclear Physics (RCNP), Osaka University, Osaka, Ibaraki, 567-0047, Japan</subfield>
    <subfield code="w">Japan</subfield>
  </datafield>
  <datafield tag="700" ind1=" " ind2=" ">
    <subfield code="a">Inabe, N.</subfield>
    <subfield code="v">RIKEN Nishina Center, 2-1 Hirosawa, Saitama, Wako, 351-0198, Japan</subfield>
    <subfield code="w">Japan</subfield>
  </datafield>
  <datafield tag="700" ind1=" " ind2=" ">
    <subfield code="a">Isobe, T.</subfield>
    <subfield code="v">RIKEN Nishina Center, 2-1 Hirosawa, Saitama, Wako, 351-0198, Japan</subfield>
    <subfield code="w">Japan</subfield>
  </datafield>
  <datafield tag="700" ind1=" " ind2=" ">
    <subfield code="a">Kanaya, S.</subfield>
    <subfield code="v">Department of Physics, Osaka University, Machikaneyama-machi 1-1, Osaka, Toyonaka, 560-0043, Japan</subfield>
    <subfield code="w">Japan</subfield>
  </datafield>
  <datafield tag="700" ind1=" " ind2=" ">
    <subfield code="a">Kojouharov, I.</subfield>
    <subfield code="v">GSI Helmholtzzentrum für Schwerionenforschung GmbH, Darmstadt, 64291, Germany</subfield>
    <subfield code="w">Germany</subfield>
  </datafield>
  <datafield tag="700" ind1=" " ind2=" ">
    <subfield code="a">Kondev, F.G.</subfield>
    <subfield code="v">Nuclear Engineering Division, Argonne National Laboratory, Argonne, IL, 60439, USA</subfield>
    <subfield code="w">USA</subfield>
  </datafield>
  <datafield tag="700" ind1=" " ind2=" ">
    <subfield code="a">Kubo, T.</subfield>
    <subfield code="v">RIKEN Nishina Center, 2-1 Hirosawa, Saitama, Wako, 351-0198, Japan</subfield>
    <subfield code="w">Japan</subfield>
  </datafield>
  <datafield tag="700" ind1=" " ind2=" ">
    <subfield code="a">Kubono, S.</subfield>
    <subfield code="v">RIKEN Nishina Center, 2-1 Hirosawa, Saitama, Wako, 351-0198, Japan</subfield>
    <subfield code="w">Japan</subfield>
  </datafield>
  <datafield tag="700" ind1=" " ind2=" ">
    <subfield code="a">Kurz, N.</subfield>
    <subfield code="v">GSI Helmholtzzentrum für Schwerionenforschung GmbH, Darmstadt, 64291, Germany</subfield>
    <subfield code="w">Germany</subfield>
  </datafield>
  <datafield tag="700" ind1=" " ind2=" ">
    <subfield code="a">Kuti, I.</subfield>
    <subfield code="v">MTA Atomki, P.O. Box 51, Debrecen, H-4001, Hungary</subfield>
    <subfield code="w">Hungary</subfield>
  </datafield>
  <datafield tag="700" ind1=" " ind2=" ">
    <subfield code="a">Lalkovski, S.</subfield>
    <subfield code="v">Department of Physics, University of Surrey, Guildford, GU2 7XH, United Kingdom</subfield>
    <subfield code="w">UK</subfield>
  </datafield>
  <datafield tag="700" ind1=" " ind2=" ">
    <subfield code="a">Lane, G.J.</subfield>
    <subfield code="v">Department of Nuclear Physics, R.S.P.E., Australian National University, Canberra, A.C.T, 0200, Australia</subfield>
    <subfield code="w">Australia</subfield>
  </datafield>
  <datafield tag="700" ind1=" " ind2=" ">
    <subfield code="a">Lee, C.S.</subfield>
    <subfield code="v">Department of Physics, Chung-Ang University, Seoul, 156-756, Republic of Korea</subfield>
    <subfield code="w">South Korea</subfield>
  </datafield>
  <datafield tag="700" ind1=" " ind2=" ">
    <subfield code="a">Lee, E.J.</subfield>
    <subfield code="v">Department of Physics, Sungkyunkwan University, Suwon, 440-746, Republic of Korea</subfield>
    <subfield code="w">South Korea</subfield>
  </datafield>
  <datafield tag="700" ind1=" " ind2=" ">
    <subfield code="a">Lorusso, G.</subfield>
    <subfield code="v">RIKEN Nishina Center, 2-1 Hirosawa, Saitama, Wako, 351-0198, Japan</subfield>
    <subfield code="v">Department of Physics, University of Surrey, Guildford, GU2 7XH, United Kingdom</subfield>
    <subfield code="v">National Physical Laboratory, Teddington, Middlesex, TW11 0LW, United Kingdom</subfield>
    <subfield code="w">Japan</subfield>
    <subfield code="w">UK</subfield>
  </datafield>
  <datafield tag="700" ind1=" " ind2=" ">
    <subfield code="a">Lotay, G.</subfield>
    <subfield code="v">Department of Physics, University of Surrey, Guildford, GU2 7XH, United Kingdom</subfield>
    <subfield code="w">UK</subfield>
  </datafield>
  <datafield tag="700" ind1=" " ind2=" ">
    <subfield code="a">Moon, C.-B.</subfield>
    <subfield code="v">Department of Display Engineering, Hoseo University, Chung-Nam, 336-795, Republic of Korea</subfield>
    <subfield code="w">South Korea</subfield>
  </datafield>
  <datafield tag="700" ind1=" " ind2=" ">
    <subfield code="a">Nishizuka, I.</subfield>
    <subfield code="v">Department of Physics, Tohoku University, Aoba, Sendai, Miyagi, 980-8578, Japan</subfield>
    <subfield code="w">Japan</subfield>
  </datafield>
  <datafield tag="700" ind1=" " ind2=" ">
    <subfield code="a">Nita, C.R.</subfield>
    <subfield code="v">School of Computing Engineering and Mathematics, University of Brighton, Brighton, BN2 4GJ, United Kingdom</subfield>
    <subfield code="v">Horia Hulubei National Institute for R&amp;D; in Physics, Nuclear Engineering (IFIN-HH), Bucharest, RO-077125, Romania</subfield>
    <subfield code="w">Romania</subfield>
    <subfield code="w">UK</subfield>
  </datafield>
  <datafield tag="700" ind1=" " ind2=" ">
    <subfield code="a">Odahara, A.</subfield>
    <subfield code="v">Department of Physics, Osaka University, Machikaneyama-machi 1-1, Osaka, Toyonaka, 560-0043, Japan</subfield>
    <subfield code="w">Japan</subfield>
  </datafield>
  <datafield tag="700" ind1=" " ind2=" ">
    <subfield code="a">Patel, Z.</subfield>
    <subfield code="v">Department of Physics, University of Surrey, Guildford, GU2 7XH, United Kingdom</subfield>
    <subfield code="w">UK</subfield>
  </datafield>
  <datafield tag="700" ind1=" " ind2=" ">
    <subfield code="a">Phong, V.H.</subfield>
    <subfield code="v">RIKEN Nishina Center, 2-1 Hirosawa, Saitama, Wako, 351-0198, Japan</subfield>
    <subfield code="v">VNU Hanoi University of Science, 334 Nguyen Trai, Hanoi, Thanh Xuan, Viet Nam</subfield>
    <subfield code="w">Japan</subfield>
    <subfield code="w">Vietnam</subfield>
  </datafield>
  <datafield tag="700" ind1=" " ind2=" ">
    <subfield code="a">Podolyák, Zs.</subfield>
    <subfield code="v">Department of Physics, University of Surrey, Guildford, GU2 7XH, United Kingdom</subfield>
    <subfield code="w">UK</subfield>
  </datafield>
  <datafield tag="700" ind1=" " ind2=" ">
    <subfield code="a">Roberts, O.J.</subfield>
    <subfield code="v">School of Physics, University College Dublin, Dublin 4, Belfield, Ireland</subfield>
    <subfield code="w">Ireland</subfield>
  </datafield>
  <datafield tag="700" ind1=" " ind2=" ">
    <subfield code="a">Sakurai, H.</subfield>
    <subfield code="v">RIKEN Nishina Center, 2-1 Hirosawa, Saitama, Wako, 351-0198, Japan</subfield>
    <subfield code="w">Japan</subfield>
  </datafield>
  <datafield tag="700" ind1=" " ind2=" ">
    <subfield code="a">Schaffner, H.</subfield>
    <subfield code="v">GSI Helmholtzzentrum für Schwerionenforschung GmbH, Darmstadt, 64291, Germany</subfield>
    <subfield code="w">Germany</subfield>
  </datafield>
  <datafield tag="700" ind1=" " ind2=" ">
    <subfield code="a">Shand, C.M.</subfield>
    <subfield code="v">Department of Physics, University of Surrey, Guildford, GU2 7XH, United Kingdom</subfield>
    <subfield code="w">UK</subfield>
  </datafield>
  <datafield tag="700" ind1=" " ind2=" ">
    <subfield code="a">Shimizu, Y.</subfield>
    <subfield code="v">RIKEN Nishina Center, 2-1 Hirosawa, Saitama, Wako, 351-0198, Japan</subfield>
    <subfield code="w">Japan</subfield>
  </datafield>
  <datafield tag="700" ind1=" " ind2=" ">
    <subfield code="a">Sumikama, T.</subfield>
    <subfield code="v">Department of Physics, Tohoku University, Aoba, Sendai, Miyagi, 980-8578, Japan</subfield>
    <subfield code="w">Japan</subfield>
  </datafield>
  <datafield tag="700" ind1=" " ind2=" ">
    <subfield code="a">Suzuki, H.</subfield>
    <subfield code="v">RIKEN Nishina Center, 2-1 Hirosawa, Saitama, Wako, 351-0198, Japan</subfield>
    <subfield code="w">Japan</subfield>
  </datafield>
  <datafield tag="700" ind1=" " ind2=" ">
    <subfield code="a">Takeda, H.</subfield>
    <subfield code="v">RIKEN Nishina Center, 2-1 Hirosawa, Saitama, Wako, 351-0198, Japan</subfield>
    <subfield code="w">Japan</subfield>
  </datafield>
  <datafield tag="700" ind1=" " ind2=" ">
    <subfield code="a">Terashima, S.</subfield>
    <subfield code="v">School of Physics and Nuclear Energy Engineering, Beihang University, Beijing, 100191, China</subfield>
    <subfield code="v">International Research Center for Nuclei and Particles in the Cosmos, Beihang University, Beijing, 100191, China</subfield>
    <subfield code="w">China</subfield>
  </datafield>
  <datafield tag="700" ind1=" " ind2=" ">
    <subfield code="a">Vajta, Zs.</subfield>
    <subfield code="v">MTA Atomki, P.O. Box 51, Debrecen, H-4001, Hungary</subfield>
    <subfield code="w">Hungary</subfield>
  </datafield>
  <datafield tag="700" ind1=" " ind2=" ">
    <subfield code="a">Valiente-Dóbon, J.J.</subfield>
    <subfield code="v">Istituto Nazionale di Fisica Nucleare, Laboratori Nazionali di Legnaro, Legnaro, 35020, Italy</subfield>
    <subfield code="w">Italy</subfield>
  </datafield>
  <datafield tag="700" ind1=" " ind2=" ">
    <subfield code="a">Xu, Z.Y.</subfield>
    <subfield code="v">Department of Physics, the University of Hong Kong, Pokfulam Road, Hong Kong</subfield>
    <subfield code="w">Hong Kong</subfield>
  </datafield>
  <datafield tag="773" ind1=" " ind2=" ">
    <subfield code="p">Physics letters B</subfield>
    <subfield code="y">2016</subfield>
  </datafield>
  <datafield tag="856" ind1="4" ind2=" ">
    <subfield code="s">171229</subfield>
    <subfield code="u">http://repo.scoap3.org/record/16532/files/main.xml</subfield>
  </datafield>
  <datafield tag="856" ind1="4" ind2=" ">
    <subfield code="s">607811</subfield>
    <subfield code="u">http://repo.scoap3.org/record/16532/files/main.pdf</subfield>
  </datafield>
  <datafield tag="856" ind1="4" ind2=" ">
    <subfield code="s">943336</subfield>
    <subfield code="u">http://repo.scoap3.org/record/16532/files/main.pdf?subformat=pdfa</subfield>
    <subfield code="x">pdfa</subfield>
  </datafield>
</record>
</collection>